@Article{LM:2001,
  author="Daan Leijen, Erik Meijer",
  title="Parsec: Direct Style Monadic Parser Combinators For The Real World",
  year="2001",
  url={http://research.microsoft.com/en-us/um/people/daan/download/papers/parsec-paper.pdf}
}
